@article{PhysRevA.69.022316,
  title = {Graphical description of the action of local {Clifford} transformations on graph states},
  author = {Van den Nest, Maarten and Dehaene, Jeroen and De Moor, Bart},
  journal = {Phys. Rev. A},
  volume = {69},
  issue = {2},
  pages = {022316},
  numpages = {7},
  year = {2004},
  month = {Feb.},
  publisher = {American Physical Society},
  doi = {10.1103/PhysRevA.69.022316},
  url = {https://link.aps.org/doi/10.1103/PhysRevA.69.022316}
}

@article{bravyi20226,
  title={6-qubit optimal {Clifford} circuits},
  author={Bravyi, Sergey and Latone, Joseph A. and Maslov, Dmitri},
  journal={npj Quantum Information},
  volume={8},
  number={1},
  pages={79},
  year={2022},
  publisher={Nature Publishing Group UK London}
}

@article{BOUCHET198858,
title = {Graphic presentations of isotropic systems},
journal = {Journal of Combinatorial Theory, Series B},
volume = {45},
number = {1},
pages = {58--76},
year = {1988},
issn = {0095-8956},
doi = {https://doi.org/10.1016/0095-8956(88)90055-X},
url = {https://www.sciencedirect.com/science/article/pii/009589568890055X},
author = {André Bouchet},
}

@article{dahlberg2018,
author = {Dahlberg, Axel  and Wehner, Stephanie },
title = {Transforming graph states using single-qubit operations},
journal = {Philosophical Transactions of the Royal Society A: Mathematical, Physical and Engineering Sciences},
volume = {376},
number = {2123},
pages = {20170325},
year = {2018},
doi = {10.1098/rsta.2017.0325},

URL = {https://royalsocietypublishing.org/doi/abs/10.1098/rsta.2017.0325},
eprint = {https://royalsocietypublishing.org/doi/pdf/10.1098/rsta.2017.0325},
}

@article{PhysRevA.69.062311,
  title = {Multiparty entanglement in graph states},
  author = {Hein, Marc and Eisert, Jens and Briegel, Hans J.},
  journal = {Phys. Rev. A},
  volume = {69},
  issue = {6},
  pages = {062311},
  numpages = {20},
  year = {2004},
  month = {Jun.},
  publisher = {American Physical Society},
  doi = {10.1103/PhysRevA.69.062311},
  url = {https://link.aps.org/doi/10.1103/PhysRevA.69.062311}
}

@article{OUM200579,
title = {Rank-width and vertex-minors},
journal = {Journal of Combinatorial Theory, Series B},
volume = {95},
number = {1},
pages = {79--100},
year = {2005},
issn = {0095-8956},
doi = {https://doi.org/10.1016/j.jctb.2005.03.003},
url = {https://www.sciencedirect.com/science/article/pii/S0095895605000389},
author = {Oum, Sang-il},
}

@article{OUM2009745,
title = {Computing rank-width exactly},
journal = {Information Processing Letters},
volume = {109},
number = {13},
pages = {745--748},
year = {2009},
issn = {0020-0190},
doi = {https://doi.org/10.1016/j.ipl.2009.03.018},
url = {https://www.sciencedirect.com/science/article/pii/S0020019009000969},
author = {Oum, Sang-il},
}

@article{OUM201715,
title = {Rank-width: Algorithmic and structural results},
journal = {Discrete Applied Mathematics},
volume = {231},
pages = {15--24},
year = {2017},
//note = {Algorithmic Graph Theory on the Adriatic Coast},
issn = {0166-218X},
doi = {https://doi.org/10.1016/j.dam.2016.08.006},
url = {https://www.sciencedirect.com/science/article/pii/S0166218X16303705},
author = {Oum, Sang-il},
}

@article{OUM2007385,
title = {Testing branch-width},
journal = {Journal of Combinatorial Theory, Series B},
volume = {97},
number = {3},
pages = {385--393},
year = {2007},
issn = {0095-8956},
doi = {https://doi.org/10.1016/j.jctb.2006.06.006},
url = {https://www.sciencedirect.com/science/article/pii/S0095895606000918},
author = {Oum, Sang-il and Seymour, Paul}
}

@article{bouchet1989connectivity,
  title={Connectivity of isotropic systems},
  author={Bouchet, André},
  journal={Annals of the New York Academy of Sciences},
  volume={555},
  number={1},
  pages={81--93},
  year={1989},
  publisher={Wiley Online Library}
}

@article{OUM2006514,
title = {Approximating clique-width and branch-width},
journal = {Journal of Combinatorial Theory, Series B},
volume = {96},
number = {4},
pages = {514--528},
year = {2006},
issn = {0095-8956},
doi = {https://doi.org/10.1016/j.jctb.2005.10.006},
url = {https://www.sciencedirect.com/science/article/pii/S0095895605001528},
author = {Oum, Sang-il and Seymour, Paul},
}

@phdthesis{gottesman1997stabilizer,
  title={Stabilizer Codes and Quantum Error Correction},
  author={Gottesman, Daniel},
  journal={arXiv preprint quant-ph/9705052},
  year={1997},
  school = {California Institute of Technology}
}

@article{10.5555/2011438.2011446,
author = {Ji, Zhengfeng and Chen, Jianxin and Wei, Zhaohui and Ying, Mingsheng},
title = {The {LU-LC} Conjecture is False},
year = {2010},
issue_date = {January 2010},
publisher = {Rinton Press, Incorporated},
address = {Paramus, NJ},
volume = {10},
number = {1},
issn = {1533-7146},
journal = {Quantum Information and Computation},
month = {Jan.},
pages = {97–108},
numpages = {12},
}

@article{PhysRevA.83.042314,
  title = {Optimal preparation of graph states},
  author = {Cabello, Adán and Danielsen, Lars Eirik and López-Tarrida, Antonio J. and Portillo, José R.},
  journal = {Phys. Rev. A},
  volume = {83},
  issue = {4},
  pages = {042314},
  numpages = {7},
  year = {2011},
  month = {Apr.},
  publisher = {American Physical Society},
  doi = {10.1103/PhysRevA.83.042314},
  url = {https://link.aps.org/doi/10.1103/PhysRevA.83.042314}
}

@article{https://doi.org/10.1002/jgt.20620,
author = {Lee, Choongbum and Lee, Joonkyung and Oum, Sang-il},
title = {Rank-width of random graphs},
journal = {Journal of Graph Theory},
volume = {70},
number = {3},
pages = {339--347},
doi = {https://doi.org/10.1002/jgt.20620},
url = {https://onlinelibrary.wiley.com/doi/abs/10.1002/jgt.20620},
eprint = {https://onlinelibrary.wiley.com/doi/pdf/10.1002/jgt.20620},
year = {2012}
}

@article{Adcock2020mappinggraphstate,
  doi = {10.22331/q-2020-08-07-305},
  url = {https://doi.org/10.22331/q-2020-08-07-305},
  title = {Mapping graph state orbits under local complementation},
  author = {Adcock, Jeremy C. and Morley-Short, Sam and Dahlberg, Axel and Silverstone, Joshua W.},
  journal = {{Quantum}},
  issn = {2521-327X},
  publisher = {{Verein zur Förderung des Open Access Publizierens in den Quantenwissenschaften}},
  volume = {4},
  pages = {305},
  month = {Aug.},
  year = {2020}
}

@article{Dahlberg_2020,
doi = {10.1088/2058-9565/aba763},
url = {https://dx.doi.org/10.1088/2058-9565/aba763},
year = {2020},
month = {Sep.},
publisher = {IOP Publishing},
volume = {5},
number = {4},
pages = {045016},
author = {Axel Dahlberg and Jonas Helsen and Stephanie Wehner},
title = {How to transform graph states using single-qubit operations: Computational complexity and algorithms},
journal = {Quantum Science and Technology},
}

@article{bouchet1991efficient,
  title={An efficient algorithm to recognize locally equivalent graphs},
  author={Bouchet, André},
  journal={Combinatorica},
  volume={11},
  pages={315--329},
  year={1991},
  publisher={Springer}
}

@article{PhysRevA.77.042307,
  title = {Graphical description of the action of {Clifford} operators on stabilizer states},
  author = {Elliott, Matthew B. and Eastin, Bryan and Caves, Carlton M.},
  journal = {Phys. Rev. A},
  volume = {77},
  issue = {4},
  pages = {042307},
  numpages = {13},
  year = {2008},
  month = {Apr.},
  publisher = {American Physical Society},
  doi = {10.1103/PhysRevA.77.042307},
  url = {https://link.aps.org/doi/10.1103/PhysRevA.77.042307}
}

@article{bouchet1998principally,
  title={Principally unimodular skew-symmetric matrices},
  author={Bouchet, André and Cunningham, William H and Geelen, James F},
  journal={Combinatorica},
  volume={18},
  pages={461--486},
  year={1998},
  publisher={Springer}
}


@article{PhysRevA.68.022312,
  title = {Measurement-based quantum computation on cluster states},
  author = {Raussendorf, Robert and Browne, Daniel E. and Briegel, Hans J.},
  journal = {Phys. Rev. A},
  volume = {68},
  issue = {2},
  pages = {022312},
  numpages = {32},
  year = {2003},
  month = {Aug.},
  publisher = {American Physical Society},
  doi = {10.1103/PhysRevA.68.022312},
  url = {https://link.aps.org/doi/10.1103/PhysRevA.68.022312}
}

@article{PhysRevLett.91.107903,
  title = {Multiparticle Entanglement Purification for Graph States},
  author = {Dür, Wolfgang and Aschauer, Hans and Briegel, Hans J.},
  journal = {Phys. Rev. Lett.},
  volume = {91},
  issue = {10},
  pages = {107903},
  numpages = {4},
  year = {2003},
  month = {Sep.},
  publisher = {American Physical Society},
  doi = {10.1103/PhysRevLett.91.107903},
  url = {https://link.aps.org/doi/10.1103/PhysRevLett.91.107903}
}

@article{BOUCHET199375,
title = {Recognizing locally equivalent graphs},
journal = {Discrete Mathematics},
volume = {114},
number = {1},
pages = {75--86},
year = {1993},
issn = {0012-365X},
doi = {https://doi.org/10.1016/0012-365X(93)90357-Y},
url = {https://www.sciencedirect.com/science/article/pii/0012365X9390357Y},
author = {André Bouchet},
}


@article{doi:10.1137/0608028,
author = {Bouchet, André},
title = {Digraph Decompositions and {Eulerian} Systems},
journal = {SIAM Journal on Algebraic Discrete Methods},
volume = {8},
number = {3},
pages = {323--337},
year = {1987},
doi = {10.1137/0608028},
URL = { https://doi.org/10.1137/0608028 },
eprint = { https://doi.org/10.1137/0608028 }
}

@article{BOUCHET1994107,
title = {Circle Graph Obstructions},
journal = {Journal of Combinatorial Theory, Series B},
volume = {60},
number = {1},
pages = {107--144},
year = {1994},
issn = {0095-8956},
doi = {https://doi.org/10.1006/jctb.1994.1008},
url = {https://www.sciencedirect.com/science/article/pii/S0095895684710082},
author = {Bouchet, André},
}

@inproceedings{hoyer2006resources,
  title={Resources required for preparing graph states},
  author={Høyer, Peter and Mhalla, Mehdi and Perdrix, Simon},
  booktitle={Algorithms and Computation: 17th International Symposium, ISAAC 2006, Kolkata, India, December 18-20, 2006. Proceedings 17},
  pages={638--649},
  year={2006},
  organization={Springer}
}

@article{BOUCHET1987231,
title = {Isotropic Systems},
journal = {European Journal of Combinatorics},
volume = {8},
number = {3},
pages = {231--244},
year = {1987},
issn = {0195-6698},
doi = {https://doi.org/10.1016/S0195-6698(87)80027-6},
url = {https://www.sciencedirect.com/science/article/pii/S0195669887800276},
author = {André Bouchet},
}

@incollection{Bouchet1990,
author="Bouchet, André",
editor="Hahn, Geňa
and Sabidussi, Gert
and Woodrow, Robert E.",
title="$\kappa$-Transformations, Local Complementations and Switching",
bookTitle="Cycles and Rays",
year="1990",
publisher="Springer Netherlands",
address="Dordrecht",
pages="41--50",
isbn="978-94-009-0517-7",
doi="10.1007/978-94-009-0517-7_5",
url="https://doi.org/10.1007/978-94-009-0517-7_5"
}

@incollection{Fon-Der-Flaass1996,
author="Fon-Der-Flaass, Dmitriĭ G.",
editor="Korshunov, Alekse{\v{\i}} D.",
title="Local Complementations of Simple and Directed Graphs",
bookTitle="Discrete Analysis and Operations Research",
year="1996",
publisher="Springer Netherlands",
address="Dordrecht",
pages="15--34",
isbn="978-94-009-1606-7",
doi="10.1007/978-94-009-1606-7_3",
url="https://doi.org/10.1007/978-94-009-1606-7_3"
}


@incollection {MR0248043,
    AUTHOR = {Kotzig, Anton},
     TITLE = {Eulerian lines in finite {$4$}-valent graphs and their
              transformations},
 BOOKTITLE = {Theory of {G}raphs ({P}roc. {C}olloq., {T}ihany, 1966)},
     PAGES = {219--230},
 PUBLISHER = {Academic Press, New York-London},
      YEAR = {1968},
   MRCLASS = {05.40},
  MRNUMBER = {248043},
MRREVIEWER = {H.\ V.\ Kronk},
}

@InProceedings{10.1007/978-3-540-92182-0_76,
author="Lozin, Vadim V.",
editor="Hong, Seok-Hee
and Nagamochi, Hiroshi
and Fukunaga, Takuro",
title="From Tree-Width to Clique-Width: Excluding a Unit Interval Graph",
booktitle="Algorithms and Computation",
year="2008",
publisher="Springer Berlin Heidelberg",
address="Berlin, Heidelberg",
pages="871--882",
isbn="978-3-540-92182-0"
}

@article{doi:10.1142/S0129054100000260,
author = {Golumbic, Martin C. and Rotics, Udi},
title = {ON THE CLIQUE-WIDTH OF SOME PERFECT GRAPH CLASSES},
journal = {International Journal of Foundations of Computer Science},
volume = {11},
number = {03},
pages = {423--443},
year = {2000},
doi = {10.1142/S0129054100000260},
URL = { https://doi.org/10.1142/S0129054100000260 },
eprint = { https://doi.org/10.1142/S0129054100000260 }
}


@article{GEELEN202393,
title = {The Grid Theorem for vertex-minors},
journal = {Journal of Combinatorial Theory, Series B},
volume = {158},
pages = {93--116},
year = {2023},
issn = {0095-8956},
doi = {https://doi.org/10.1016/j.jctb.2020.08.004},
url = {https://www.sciencedirect.com/science/article/pii/S0095895620300794},
author = {Jim Geelen and {O-joung} Kwon and Rose McCarty and Paul Wollan},
keywords = {Rank-width, Clique-width, Vertex-minors},
}

@article{DANIELSEN20061351,
title = {On the classification of all self-dual additive codes over $\mathrm{GF}(4)$ of length up to 12},
journal = {Journal of Combinatorial Theory, Series A},
volume = {113},
number = {7},
pages = {1351--1367},
year = {2006},
issn = {0097-3165},
doi = {https://doi.org/10.1016/j.jcta.2005.12.004},
url = {https://www.sciencedirect.com/science/article/pii/S0097316505002347},
author = {Lars Eirik Danielsen and Matthew G. Parker},
}

@book{self-dual2006,
  author       = {Nebe, Gabriele and
                  Rains, Eric M. and
                  Sloane, Neil J.A.},
  title        = {Self-Dual Codes and Invariant Theory},
  publisher    = {Springer},
  year         = 2006,
  doi          = {10.1007/3-540-30731-1},
}

@article{rains2002self,
  title={Self-dual codes},
  author={Rains, Eric M. and Sloane, Neil J.A.},
  journal={arXiv preprint math/0208001},
  year={2002}
}

@ARTICLE{1197853,
  author={Rains, E.M.},
  journal={IEEE Transactions on Information Theory}, 
  title={New asymptotic bounds for self-dual codes and lattices}, 
  year={2003},
  volume={49},
  number={5},
  pages={1261--1274},
  keywords={Lattices;Binary codes;Rain;Linear programming;H infinity control;Cost accounting;Quantum mechanics},
  doi={10.1109/TIT.2003.810623}}

@inproceedings{kumar2019graphs,
  title={Graphs and Self-dual additive codes over $\mathrm{GF}(4)$},
  author={Kumar, Mithilesh and Raddum, Håvard and Varadharajan, Srimathi},
  booktitle={Proc. The Eleventh International Workshop on Coding and Cryptography (WCC 2019)},
  year={2019}
}

@article{danielsen2009graph,
title = {Graph-based classification of self-dual additive codes over finite fields},
journal = {Advances in Mathematics of Communications},
volume = {3},
number = {4},
pages = {329--348},
year = {2009},
issn = {1930-5346},
doi = {10.3934/amc.2009.3.329},
url = {https://www.aimsciences.org/article/id/41e5b7c3-1335-4d44-8b18-f65025c85760},
author = {Lars Eirik Danielsen},
keywords = {Additive codes, self-dual codes, quantum codes, stabilizer states, graphs, local complementation, circulant codes, MDS codes}
}

@misc{davies2025preparing,
      title={Preparing graph states forbidding a vertex-minor},
      author={James Davies and Andrew Jena},
      year={2025},
      eprint={2504.00291},
      archivePrefix={arXiv},
      primaryClass={quant-ph},
      url={https://arxiv.org/abs/2504.00291},
      note={arXiv:2504.00291}
}

@phdthesis{jena2024graph,
  author={Andrew Jena},
  title={Graph-Theoretic Techniques for Optimizing NISQ Algorithms},
  year={2024},
  school={University of Waterloo}
}

@article{markov2008optimal,
  title={Optimal synthesis of linear reversible circuits},
  author={Ketan N. Patel and Igor L. Markov and John P. Hayes},
  journal={Quantum Information and Computation},
  volume={8},
  number={3\&4},
  pages={0282--0294},
  year={2008},
  publisher={Citeseer}
}

@article{KIM202454,
title = {Vertex-minors of graphs: A survey},
journal = {Discrete Applied Mathematics},
volume = {351},
pages = {54--73},
year = {2024},
issn = {0166-218X},
doi = {https://doi.org/10.1016/j.dam.2024.03.011},
url = {https://www.sciencedirect.com/science/article/pii/S0166218X24001136},
author = {Kim, Donggyu and Oum, Sang-il},
keywords = {Vertex-minor, Prime graph, Rank-width, Local complementation, Circle graph, Interlace polynomial},
}

@article{de_fraysseix_characterization_1999,
	title = {On a Characterization of {Gauss} Codes},
	volume = {22},
	issn = {1432-0444},
	url = {https://doi.org/10.1007/PL00009461},
	doi = {10.1007/PL00009461},
	language = {en},
	number = {2},
	journal = {Discrete \& Computational Geometry},
	author = {de Fraysseix, Hubert and Ossona de Mendez, Patrice},
	month = {Sep.},
	year = {1999},
	keywords = {Closed Plane, Gauss Code, Occurrence Sequence, Plane Curve, Simple Characterization},
	pages = {287--295},
}

@article{PhysRevA.75.012337,
  title = {Classical simulation versus universality in measurement-based quantum computation},
  author = {Van den Nest, Maarten and D\"ur, Wolfgang and Vidal, Guifr\'e and Briegel, Hans J.},
  journal = {Phys. Rev. A},
  volume = {75},
  issue = {1},
  pages = {012337},
  numpages = {15},
  year = {2007},
  month = {Jan.},
  publisher = {American Physical Society},
  doi = {10.1103/PhysRevA.75.012337},
  url = {https://link.aps.org/doi/10.1103/PhysRevA.75.012337}
}

@article{Grier2022classificationof,
  doi = {10.22331/q-2022-06-13-734},
  url = {https://doi.org/10.22331/q-2022-06-13-734},
  title = {The Classification of {C}lifford Gates over Qubits},
  author = {Grier, Daniel and Schaeffer, Luke},
  journal = {{Quantum}},
  issn = {2521-327X},
  publisher = {{Verein zur F{\"{o}}rderung des Open Access Publizierens in den Quantenwissenschaften}},
  volume = {6},
  pages = {734},
  month = jun,
  year = {2022}
}
